@article{Lu2014,
  title={Topological photonics},
  author={Lu, Ling and Joannopoulos, John D and Solja{\v{c}}i{\'c}, Marin},
  journal={Nature Photonics},
  volume={8},
  number={11},
  pages={821--829},
  year={2014},
  publisher={Nature Publishing Group}
}


@article{Wang2009,
  title={Observation of unidirectional backscattering-immune topological electromagnetic states},
  author={Wang, Zheng and Chong, Yidong and Joannopoulos, JD and Solja{\v{c}}i{\'c}, Marin},
  journal={Nature},
  volume={461},
  number={7265},
  pages={772--775},
  year={2009},
  publisher={Nature Publishing Group}
}
