@article{Zhen2014,
  title={Topological nature of optical bound states in the continuum},
  author={Zhen, Bo and Hsu, Chia Wei and Lu, Ling and Stone, A Douglas and Solja{\v{c}}i{\'c}, Marin},
  journal={Physical review letters},
  volume={113},
  number={25},
  pages={257401},
  year={2014},
  publisher={APS}
}
